<collection xmlns="http://www.loc.gov/MARC21/slim">
<record>
  <leader>00775nam0a2200217 i 450 </leader>
  <controlfield tag="001">IT\ICCU\CNCE\076960</controlfield>
  <controlfield tag="005">20121220000000.0</controlfield>
  <datafield tag="012" ind1=" " ind2=" ">
    <subfield code="a">t:ta s.is umen m,us (C) 1555 (R)</subfield>
    <subfield code="2">fei</subfield>
  </datafield>
  <datafield tag="100" ind1=" " ind2=" ">
    <subfield code="a">20111102d1555        0itac0103    ba</subfield>
  </datafield>
  <datafield tag="101" ind1=" " ind2=" ">
    <subfield code="a">LAT</subfield>
  </datafield>
  <datafield tag="102" ind1=" " ind2=" ">
    <subfield code="a">IT</subfield>
  </datafield>
  <datafield tag="200" ind1="1" ind2=" ">
    <subfield code="a">℗Basilii Zanchii ℗Poemata. Nusque antea impressa</subfield>
  </datafield>
  <datafield tag="210" ind1=" " ind2=" ">
    <subfield code="a">Romae</subfield>
    <subfield code="c">apud Ioannem Bracium Venetum</subfield>
    <subfield code="d">1555 mense Ianuar</subfield>
  </datafield>
  <datafield tag="215" ind1=" " ind2=" ">
    <subfield code="a">\4! c.</subfield>
    <subfield code="d">8ʻ</subfield>
  </datafield>
  <datafield tag="620" ind1=" " ind2=" ">
    <subfield code="a">IT</subfield>
    <subfield code="d">Roma</subfield>
  </datafield>
  <datafield tag="700" ind1=" " ind2="1">
    <subfield code="a">Zanchi,</subfield>
    <subfield code="b">Basilio</subfield>
    <subfield code="3">IT\ICCU\CNCA\007168</subfield>
  </datafield>
  <datafield tag="712" ind1="0" ind2="0">
    <subfield code="a">Braci, Giovanni</subfield>
    <subfield code="3">IT\ICCU\CNCT\006373</subfield>
    <subfield code="4">650</subfield>
  </datafield>
  <datafield tag="790" ind1=" " ind2="1">
    <subfield code="a">Zanchius,</subfield>
    <subfield code="b">Basilius</subfield>
    <subfield code="3">IT\ICCU\CNCA\025460</subfield>
    <subfield code="z">Zanchi, Basilio</subfield>
  </datafield>
  <datafield tag="791" ind1="0" ind2="0">
    <subfield code="a">Bracius, Ioannes</subfield>
    <subfield code="3">IT\ICCU\CNCT\006374</subfield>
    <subfield code="z">Braci, Giovanni</subfield>
  </datafield>
  <datafield tag="801" ind1=" " ind2="3">
    <subfield code="a">IT</subfield>
    <subfield code="b">ICCU</subfield>
    <subfield code="c">20201115</subfield>
  </datafield>
  <datafield tag="899" ind1=" " ind2=" ">
    <subfield code="a">Biblioteca statale. Cremona</subfield>
    <subfield code="1">CR0062</subfield>
    <subfield code="2">LO1 28</subfield>
  </datafield>
</record>
</collection>
